!TRNS	TRNSID	TRNSTYPE	DATE	ACCNT	NAME	AMOUNT	DOCNUM	MEMO	CLEAR	TOPRINT
!SPL	SPLID	TRNSTYPE	DATE	ACCNT	NAME	AMOUNT	DOCNUM	MEMO	CLEAR	QNTY
!ENDTRNS
TRNS	WEFDS234CT5	BILLPMT	7/16/98	Checking	Bayshore	Service	35	Test Memo	N	Y
SPL	AA223D	BILLSPL	7/16/98	Accounts	Payable	35	CalOil	Test inner memo		-35
ENDTRNS


